<?xml version="1.0" encoding="UTF-8"?>
<SOAP-ENV:Envelope xmlns:SOAP-ENV="http://schemas.xmlsoap.org/soap/envelope/" xmlns:marcx="info:lc/xmlns/marcxchange-v1" xmlns="http://oss.dbc.dk/ns/opensearch">
  <SOAP-ENV:Body>
    <searchResponse>
      <result>
        <hitCount>44</hitCount>
        <collectionCount>10</collectionCount>
        <more>true</more>
        <searchResult>
          <collection>
            <resultPosition>1</resultPosition>
            <numberOfObjects>1</numberOfObjects>
            <object>
              <marcx:collection>
                <marcx:record format="danMARC2" type="Bibliographic">
                  <marcx:leader>00000n    2200000   4500</marcx:leader>
                  <marcx:datafield tag="001" ind1="0" ind2="0">
                    <marcx:subfield code="a">2 011 314 6</marcx:subfield>
                    <marcx:subfield code="b">870970</marcx:subfield>
                    <marcx:subfield code="c">20000622112102</marcx:subfield>
                    <marcx:subfield code="d">19921020</marcx:subfield>
                    <marcx:subfield code="f">a</marcx:subfield>
                  </marcx:datafield>
                  <marcx:datafield tag="004" ind1="0" ind2="0">
                    <marcx:subfield code="r">n</marcx:subfield>
                    <marcx:subfield code="a">h</marcx:subfield>
                  </marcx:datafield>
                  <marcx:datafield tag="008" ind1="0" ind2="0">
                    <marcx:subfield code="b">de</marcx:subfield>
                    <marcx:subfield code="v">0</marcx:subfield>
                  </marcx:datafield>
                  <marcx:datafield tag="009" ind1="0" ind2="0">
                    <marcx:subfield code="a">c</marcx:subfield>
                    <marcx:subfield code="g">xx</marcx:subfield>
                  </marcx:datafield>
                  <marcx:datafield tag="100" ind1="0" ind2="0">
                    <marcx:subfield code="a">Emonts</marcx:subfield>
                    <marcx:subfield code="h">Fritz</marcx:subfield>
                  </marcx:datafield>
                  <marcx:datafield tag="245" ind1="0" ind2="0">
                    <marcx:subfield code="a">Europäische Klavierschule</marcx:subfield>
                    <marcx:subfield code="p">The ¤European piano method</marcx:subfield>
                    <marcx:subfield code="p">Méthode de piano européenne</marcx:subfield>
                    <marcx:subfield code="e">Fritz Emonts</marcx:subfield>
                    <marcx:subfield code="f">französische Übersetzung: Pascal Huynh</marcx:subfield>
                  </marcx:datafield>
                  <marcx:datafield tag="260" ind1="0" ind2="0">
                    <marcx:subfield code="a">Mainz</marcx:subfield>
                    <marcx:subfield code="b">Schott</marcx:subfield>
                    <marcx:subfield code="c">1992-1994</marcx:subfield>
                  </marcx:datafield>
                  <marcx:datafield tag="300" ind1="0" ind2="0">
                    <marcx:subfield code="a">3 bind</marcx:subfield>
                    <marcx:subfield code="c">30 cm</marcx:subfield>
                  </marcx:datafield>
                  <marcx:datafield tag="504" ind1="0" ind2="0">
                    <marcx:subfield code="a">Klaverskole</marcx:subfield>
                  </marcx:datafield>
                  <marcx:datafield tag="508" ind1="0" ind2="0">
                    <marcx:subfield code="a">Tysk, engelsk og fransk tekst</marcx:subfield>
                  </marcx:datafield>
                  <marcx:datafield tag="652" ind1="0" ind2="0">
                    <marcx:subfield code="m">78.5301</marcx:subfield>
                  </marcx:datafield>
                  <marcx:datafield tag="700" ind1="0" ind2="0">
                    <marcx:subfield code="a">Huynh</marcx:subfield>
                    <marcx:subfield code="h">Pascal</marcx:subfield>
                  </marcx:datafield>
                </marcx:record>