
              </marcx:collection>
            </object>
          </collection>
        </searchResult>
        <searchResult>
          <collection>
            <resultPosition>2</resultPosition>
            <numberOfObjects>1</numberOfObjects>
            <object>
              <marcx:collection>
                <marcx:record format="danMARC2" type="Bibliographic">
                  <marcx:leader>00000n    2200000   4500</marcx:leader>
                  <marcx:datafield tag="001" ind1="0" ind2="0">
                    <marcx:subfield code="a">2 364 334 0</marcx:subfield>
                    <marcx:subfield code="b">870970</marcx:subfield>
                    <marcx:subfield code="c">20010823132716</marcx:subfield>
                    <marcx:subfield code="d">20010823</marcx:subfield>
                    <marcx:subfield code="f">a</marcx:subfield>
                  </marcx:datafield>
                  <marcx:datafield tag="004" ind1="0" ind2="0">
                    <marcx:subfield code="r">n</marcx:subfield>
                    <marcx:subfield code="a">s</marcx:subfield>
                  </marcx:datafield>
                  <marcx:datafield tag="008" ind1="0" ind2="0">
                    <marcx:subfield code="v">0</marcx:subfield>
                  </marcx:datafield>
                  <marcx:datafield tag="014" ind1="0" ind2="0">
                    <marcx:subfield code="a">2 364 134 8</marcx:subfield>
                  </marcx:datafield>
                  <marcx:datafield tag="245" ind1="0" ind2="0">
                    <marcx:subfield code="n">4</marcx:subfield>
                    <marcx:subfield code="o">Sikkerhedskultur</marcx:subfield>
                  </marcx:datafield>
                </marcx:record>