
              </marcx:collection>
            </object>
          </collection>
        </searchResult>
        <searchResult>
          <collection>
            <resultPosition>3</resultPosition>
            <numberOfObjects>1</numberOfObjects>
            <object>
              <marcx:collection>
                <marcx:record format="danMARC2" type="Bibliographic">
                  <marcx:leader>00000n    2200000   4500</marcx:leader>
                  <marcx:datafield tag="001" ind1="0" ind2="0">
                    <marcx:subfield code="a">2 364 320 0</marcx:subfield>
                    <marcx:subfield code="b">870970</marcx:subfield>
                    <marcx:subfield code="c">20130118221203</marcx:subfield>
                    <marcx:subfield code="d">20010823</marcx:subfield>
                    <marcx:subfield code="f">a</marcx:subfield>
                  </marcx:datafield>
                  <marcx:datafield tag="004" ind1="0" ind2="0">
                    <marcx:subfield code="r">n</marcx:subfield>
                    <marcx:subfield code="a">b</marcx:subfield>
                  </marcx:datafield>
                  <marcx:datafield tag="008" ind1="0" ind2="0">
                    <marcx:subfield code="t">m</marcx:subfield>
                    <marcx:subfield code="u">f</marcx:subfield>
                    <marcx:subfield code="a">2001</marcx:subfield>
                    <marcx:subfield code="l">dan</marcx:subfield>
                    <marcx:subfield code="v">0</marcx:subfield>
                  </marcx:datafield>
                  <marcx:datafield tag="014" ind1="0" ind2="0">
                    <marcx:subfield code="a">2 364 318 9</marcx:subfield>
                  </marcx:datafield>
                  <marcx:datafield tag="032" ind1="0" ind2="0">
                    <marcx:subfield code="a">IDO200137</marcx:subfield>
                    <marcx:subfield code="x">NET200137</marcx:subfield>
                    <marcx:subfield code="x">DAT991304</marcx:subfield>
                  </marcx:datafield>
                  <marcx:datafield tag="245" ind1="0" ind2="0">
                    <marcx:subfield code="g">3.1&amp;2</marcx:subfield>
                    <marcx:subfield code="a">Økonomisk vurdering af arbejdsulykker</marcx:subfield>
                    <marcx:subfield code="e">udarbejdet af: PricewaterhouseCoopers</marcx:subfield>
                    <marcx:subfield code="e">forfattere: Birgitte Mogensen, Birgitte Ravn, Pall M. Rikhardsson</marcx:subfield>
                  </marcx:datafield>
                  <marcx:datafield tag="526" ind1="0" ind2="0">
                    <marcx:subfield code="i">Hertil findes</marcx:subfield>
                    <marcx:subfield code="t">Bilag 1</marcx:subfield>
                    <marcx:subfield code="u">http://www.arbejdsulykker.dk/pdf/3_1_2_bilag1.pdf</marcx:subfield>
                    <marcx:subfield code="t">Bilag 2</marcx:subfield>
                    <marcx:subfield code="u">http://www.arbejdsulykker.dk/pdf/3_1_2_bilag2.xls</marcx:subfield>
                  </marcx:datafield>
                  <marcx:datafield tag="532" ind1="0" ind2="0">
                    <marcx:subfield code="a">Med litteraturhenvisninger</marcx:subfield>
                  </marcx:datafield>
                  <marcx:datafield tag="700" ind1="0" ind2="0">
                    <marcx:subfield code="0"/>
                    <marcx:subfield code="a">Mogensen</marcx:subfield>
                    <marcx:subfield code="h">Birgitte</marcx:subfield>
                  </marcx:datafield>
                  <marcx:datafield tag="700" ind1="0" ind2="0">
                    <marcx:subfield code="0"/>
                    <marcx:subfield code="a">Ravn</marcx:subfield>
                    <marcx:subfield code="h">Birgitte</marcx:subfield>
                  </marcx:datafield>
                  <marcx:datafield tag="700" ind1="0" ind2="0">
                    <marcx:subfield code="0"/>
                    <marcx:subfield code="a">Ríkhardsson</marcx:subfield>
                    <marcx:subfield code="h">Páll M.</marcx:subfield>
                    <marcx:subfield code="å">1</marcx:subfield>
                  </marcx:datafield>
                  <marcx:datafield tag="710" ind1="0" ind2="0">
                    <marcx:subfield code="a">PricewaterhouseCoopers</marcx:subfield>
                    <marcx:subfield code="e">firma</marcx:subfield>
                  </marcx:datafield>
                  <marcx:datafield tag="856" ind1="0" ind2="0">
                    <marcx:subfield code="z">Adgangsmåde: Internet</marcx:subfield>
                    <marcx:subfield code="u">http://www.arbejdsulykker.dk/pdf/met_3_1_2.pdf</marcx:subfield>
                    <marcx:subfield code="z">Kræver læseprogrammet Acrobat Reader</marcx:subfield>
                  </marcx:datafield>
                  <marcx:datafield tag="900" ind1="0" ind2="0">
                    <marcx:subfield code="0"/>
                    <marcx:subfield code="a">Páll M. Ríkhardsson</marcx:subfield>
                    <marcx:subfield code="z">700/1</marcx:subfield>
                  </marcx:datafield>
                </marcx:record>