
              </marcx:collection>
            </object>
          </collection>
        </searchResult>
        <searchResult>
          <collection>
            <resultPosition>5</resultPosition>
            <numberOfObjects>1</numberOfObjects>
            <object>
              <marcx:collection>
                <marcx:record format="danMARC2" type="Bibliographic">
                  <marcx:leader>00000n    2200000   4500</marcx:leader>
                  <marcx:datafield tag="001" ind1="0" ind2="0">
                    <marcx:subfield code="a">2 039 430 7</marcx:subfield>
                    <marcx:subfield code="b">870970</marcx:subfield>
                    <marcx:subfield code="c">20000622113449</marcx:subfield>
                    <marcx:subfield code="d">19930910</marcx:subfield>
                    <marcx:subfield code="f">a</marcx:subfield>
                  </marcx:datafield>
                  <marcx:datafield tag="004" ind1="0" ind2="0">
                    <marcx:subfield code="r">n</marcx:subfield>
                    <marcx:subfield code="a">b</marcx:subfield>
                  </marcx:datafield>
                  <marcx:datafield tag="005" ind1="0" ind2="0">
                    <marcx:subfield code="k">a</marcx:subfield>
                  </marcx:datafield>
                  <marcx:datafield tag="008" ind1="0" ind2="0">
                    <marcx:subfield code="t">m</marcx:subfield>
                    <marcx:subfield code="u">f</marcx:subfield>
                    <marcx:subfield code="a">1993</marcx:subfield>
                    <marcx:subfield code="l">mul</marcx:subfield>
                    <marcx:subfield code="v">0</marcx:subfield>
                  </marcx:datafield>
                  <marcx:datafield tag="014" ind1="0" ind2="0">
                    <marcx:subfield code="a">2 011 314 6</marcx:subfield>
                  </marcx:datafield>
                  <marcx:datafield tag="021" ind1="0" ind2="0">
                    <marcx:subfield code="a">3-7957-5003-2</marcx:subfield>
                    <marcx:subfield code="n">ED 7932</marcx:subfield>
                    <marcx:subfield code="c">hf.</marcx:subfield>
                    <marcx:subfield code="d">kr. 122.00</marcx:subfield>
                  </marcx:datafield>
                  <marcx:datafield tag="032" ind1="0" ind2="0">
                    <marcx:subfield code="x">SFM199342</marcx:subfield>
                    <marcx:subfield code="x">BØK199301</marcx:subfield>
                    <marcx:subfield code="x">DAT200026</marcx:subfield>
                  </marcx:datafield>
                  <marcx:datafield tag="041" ind1="0" ind2="0">
                    <marcx:subfield code="p">ger</marcx:subfield>
                    <marcx:subfield code="p">eng</marcx:subfield>
                    <marcx:subfield code="p">fre</marcx:subfield>
                    <marcx:subfield code="p">ita</marcx:subfield>
                    <marcx:subfield code="p">spa</marcx:subfield>
                  </marcx:datafield>
                  <marcx:datafield tag="245" ind1="0" ind2="0">
                    <marcx:subfield code="g">Band 2</marcx:subfield>
                    <marcx:subfield code="f">Illustration: Andrea Hoyer</marcx:subfield>
                    <marcx:subfield code="f">englische Übersetzung: Wendy Lampa</marcx:subfield>
                  </marcx:datafield>
                  <marcx:datafield tag="260" ind1="0" ind2="0">
                    <marcx:subfield code="c">cop. 1993</marcx:subfield>
                  </marcx:datafield>
                  <marcx:datafield tag="300" ind1="0" ind2="0">
                    <marcx:subfield code="a">96 sider</marcx:subfield>
                    <marcx:subfield code="b">ill.</marcx:subfield>
                  </marcx:datafield>
                  <marcx:datafield tag="440" ind1="0" ind2="0">
                    <marcx:subfield code="a">Edition Schott</marcx:subfield>
                    <marcx:subfield code="v">7932</marcx:subfield>
                  </marcx:datafield>
                  <marcx:datafield tag="700" ind1="0" ind2="0">
                    <marcx:subfield code="a">Lampa</marcx:subfield>
                    <marcx:subfield code="h">Wendy</marcx:subfield>
                  </marcx:datafield>
                  <marcx:datafield tag="990" ind1="0" ind2="0">
                    <marcx:subfield code="a">SFM</marcx:subfield>
                    <marcx:subfield code="n">72</marcx:subfield>
                  </marcx:datafield>
                  <marcx:datafield tag="991" ind1="0" ind2="0">
                    <marcx:subfield code="o">\(Bind 1 medtaget i M-fortegnelsen 9246)\</marcx:subfield>
                  </marcx:datafield>
                </marcx:record>